<?xml version="1.0" encoding="UTF-8"?><marc:record xmlns:marc="http://www.loc.gov/MARC21/slim" xmlns:xsi="http://www.w3.org/2001/XMLSchema-instance" xsi:schemaLocation="http://www.loc.gov/MARC21/slim http://www.loc.gov/standards/marcxml/schema/MARC21slim.xsd"><marc:leader>00483nrm a22001817a 4500</marc:leader><marc:controlfield tag="001">1005972</marc:controlfield><marc:controlfield tag="003">NL-AMISG</marc:controlfield><marc:controlfield tag="005">19990107145318.0</marc:controlfield><marc:controlfield tag="008">199901suuuuuuuuxx                  und d</marc:controlfield><marc:datafield ind1=" " ind2=" " tag="035"><marc:subfield code="a">(IISG)IISGb10820682</marc:subfield></marc:datafield><marc:datafield ind1=" " ind2=" " tag="040"><marc:subfield code="a">NL-AmISG</marc:subfield></marc:datafield><marc:datafield ind1="1" ind2="0" tag="245"><marc:subfield code="a">[Object.]</marc:subfield><marc:subfield code="k">Visual document.</marc:subfield></marc:datafield><marc:datafield ind1=" " ind2=" " tag="300"><marc:subfield code="g">Emaille.</marc:subfield></marc:datafield><marc:datafield ind1=" " ind2=" " tag="500"><marc:subfield code="a">Naamplaat.</marc:subfield></marc:datafield><marc:datafield ind1=" " ind2=" " tag="541"><marc:subfield code="a">FNV Dienstenbond afd. Friesland</marc:subfield><marc:subfield code="d">1997</marc:subfield></marc:datafield><marc:datafield ind1=" " ind2=" " tag="542"><marc:subfield code="m">closed</marc:subfield></marc:datafield><marc:datafield ind1=" " ind2="4" tag="648"><marc:subfield code="a">1950-1974.</marc:subfield><marc:subfield code="0">(NL-AMISG)364548</marc:subfield></marc:datafield><marc:datafield ind1=" " ind2="4" tag="651"><marc:subfield code="a">Netherlands.</marc:subfield><marc:subfield code="0">(NL-AMISG)569282</marc:subfield></marc:datafield><marc:datafield ind1=" " ind2="4" tag="655"><marc:subfield code="a">Object.</marc:subfield><marc:subfield code="0">(NL-AMISG)262640</marc:subfield></marc:datafield><marc:datafield ind1=" " ind2=" " tag="695"><marc:subfield code="a">NED</marc:subfield><marc:subfield code="e">Nederland.</marc:subfield></marc:datafield><marc:datafield ind1="2" ind2=" " tag="710"><marc:subfield code="a">Algemene Bond Mercurius.</marc:subfield><marc:subfield code="b">Afdeling Leeuwarden.</marc:subfield><marc:subfield code="0">(NL-AMISG)12943</marc:subfield></marc:datafield><marc:datafield ind1="4" ind2=" " tag="852"><marc:subfield code="a">IISG</marc:subfield><marc:subfield code="b">IISG</marc:subfield><marc:subfield code="c">IISG</marc:subfield><marc:subfield code="j">BG S8/79</marc:subfield><marc:subfield code="n">Available</marc:subfield><marc:subfield code="p">10622/30051001307039</marc:subfield></marc:datafield><marc:datafield ind1=" " ind2=" " tag="901"><marc:subfield code="a">1005972</marc:subfield><marc:subfield code="b">Unknown</marc:subfield><marc:subfield code="c">1005972</marc:subfield><marc:subfield code="t">biblio</marc:subfield></marc:datafield><marc:datafield ind1=" " ind2=" " tag="902"><marc:subfield code="a">10622/BC12994F-357F-4499-ABE8-84E4E688F7B3</marc:subfield></marc:datafield></marc:record>